<record><leader>00000nas a2200000 i 4500</leader><controlfield tag="001">936118316</controlfield><controlfield tag="006">m     o  d        </controlfield><controlfield tag="007">cr |||||||||||</controlfield><controlfield tag="008">160127d18821964nduwr neo     0   a0eng  </controlfield><datafield ind1=" " ind2=" " tag="010"><subfield code="a">  2015270799</subfield></datafield><datafield ind1=" " ind2=" " tag="040"><subfield code="a">DLC</subfield><subfield code="b">eng</subfield><subfield code="e">rda</subfield><subfield code="c">DLC</subfield></datafield><datafield ind1="0" ind2=" " tag="022"><subfield code="a">2470-5594</subfield><subfield code="2">1</subfield></datafield><datafield ind1=" " ind2=" " tag="042"><subfield code="a">pcc</subfield><subfield code="a">nsdp</subfield></datafield><datafield ind1=" " ind2=" " tag="043"><subfield code="a">n-us-nd</subfield></datafield><datafield ind1="1" ind2="0" tag="050"><subfield code="a">ISSN RECORD</subfield></datafield><datafield ind1="1" ind2="0" tag="082"><subfield code="a">071</subfield><subfield code="2">23</subfield></datafield><datafield ind1=" " ind2="4" tag="222"><subfield code="a">The Hope pioneer</subfield><subfield code="b">(Online)</subfield></datafield><datafield ind1="0" ind2="4" tag="245"><subfield code="a">The Hope pioneer.</subfield></datafield><datafield ind1="3" ind2="0" tag="246"><subfield code="a">Hope pioneer and Steele County progress</subfield></datafield><datafield ind1=" " ind2="1" tag="264"><subfield code="a">Hope, Steele County, North Dakota :</subfield><subfield code="b">C. L. Allen</subfield></datafield><datafield ind1=" " ind2=" " tag="300"><subfield code="a">1 online resource</subfield></datafield><datafield ind1=" " ind2=" " tag="310"><subfield code="a">Weekly</subfield></datafield><datafield ind1=" " ind2=" " tag="336"><subfield code="a">text</subfield><subfield code="b">txt</subfield><subfield code="2">rdacontent</subfield></datafield><datafield ind1=" " ind2=" " tag="337"><subfield code="a">computer</subfield><subfield code="b">c</subfield><subfield code="2">rdamedia</subfield></datafield><datafield ind1=" " ind2=" " tag="338"><subfield code="a">online resource</subfield><subfield code="b">cr</subfield><subfield code="2">rdacarrier</subfield></datafield><datafield ind1="1" ind2=" " tag="362"><subfield code="a">Began in 1882; ceased May 28, 1964.</subfield></datafield><datafield ind1=" " ind2=" " tag="500"><subfield code="a">Published as: The Hope pioneer and Steele County progress, May 9-June 6, 1901.</subfield></datafield><datafield ind1=" " ind2=" " tag="500"><subfield code="a">Publishers: Hope Print. Co., &lt;April 27, 1883&gt;; North Dakota Publishing Co., &lt;January 1-December 30, 1920&gt;.</subfield></datafield><datafield ind1=" " ind2=" " tag="500"><subfield code="a">"Official journal of Steele County."</subfield></datafield><datafield ind1=" " ind2=" " tag="530"><subfield code="a">Available on microfilm from the State Historical Society of North Dakota.</subfield></datafield><datafield ind1=" " ind2=" " tag="588"><subfield code="a">Description based on: Eighteenth Year, no. 40 (January 4, 1900); title from masthead (Chroniclingamerica.loc.gov, viewed January 27, 2016).</subfield></datafield><datafield ind1=" " ind2=" " tag="588"><subfield code="a">Latest issue consulted: Volume 40. no. 41 (December 30, 1920) (Chroniclingamerica.loc.gov, viewed January 27, 2016).</subfield></datafield><datafield ind1=" " ind2="0" tag="651"><subfield code="a">Hope (N.D.)</subfield><subfield code="v">Newspapers.</subfield></datafield><datafield ind1=" " ind2=" " tag="752"><subfield code="a">United States</subfield><subfield code="b">North Dakota</subfield><subfield code="c">Steele</subfield><subfield code="d">Hope.</subfield></datafield><datafield ind1=" " ind2=" " tag="752"><subfield code="a">United States</subfield><subfield code="b">North Dakota</subfield><subfield code="c">Griggs</subfield><subfield code="d">Hope.</subfield></datafield><datafield ind1="0" ind2="8" tag="776"><subfield code="i">Originally issued in print:</subfield><subfield code="t">Hope pioneer</subfield><subfield code="x">2470-5586</subfield><subfield code="w">(DLC)sn 87096037</subfield><subfield code="w">(OCoLC)2252338</subfield></datafield><datafield ind1="0" ind2="5" tag="780"><subfield code="t">Steele County progress</subfield></datafield><datafield ind1="4" ind2="0" tag="856"><subfield code="u">http://www.loc.gov/chroniclingamerica/lccn/sn87096037/issues</subfield></datafield></record>